@article{jno,
  author =       "José N. Oliveira and Miguel A. Ferreira",
  title =        "Alloy Meets the Algebra of Programming: A Case Study",
  journal =      "IEEE TRANSACTIONS ON SOFTWARE ENGINEERING,",
  volume =       "39",
  number =       "3",
  pages =        "309--310",
  year =         "2013"
}

@misc{clav-new,
  title={Plataforma M51-CLAV: o que há de novo?},
  author={Alexandra Lourenço, José Carlos Ramalho, Maria
Rita Gago and Pedro Penteado},
  year={2017}
}

@misc{clav-mod,
  title={Análise e Modelação},
  author={José Carlos L. Ramalho},
  year={2017}
}

@misc{clav-req,
  title={Requisitos Funcionais},
  author={José Carlos L. Ramalho},
  year={2017}
}